<?xml version="1.0" encoding="UTF-8"?>
<record xmlns="http://www.loc.gov/MARC21/slim" xmlns:xsi="http://www.w3.org/2001/XMLSchema-instance" xsi:schemaLocation="http://www.loc.gov/MARC21/slim http://www.loc.gov/standards/marcxml/schema/MARC21slim.xsd">
<leader>     cam a2200289 a 4500</leader>
<controlfield tag="001">002057382</controlfield>
<controlfield tag="003">NNU</controlfield>
<controlfield tag="005">20061010172350.0</controlfield>
<controlfield tag="008">930225s1983    ir            000 0 ara d</controlfield>
<datafield tag="035" ind1="9" ind2=" ">
<subfield code="a">NYUb11010691</subfield>
</datafield>
<datafield tag="035" ind1=" " ind2=" ">
<subfield code="a">(CStRLIN)NYUG93-B7739</subfield>
</datafield>
<datafield tag="040" ind1=" " ind2=" ">
<subfield code="a">NjP</subfield>
<subfield code="c">NjP</subfield>
</datafield>
<datafield tag="066" ind1=" " ind2=" ">
<subfield code="c">(3</subfield>
</datafield>
<datafield tag="090" ind1=" " ind2=" ">
<subfield code="a">BP193.25</subfield>
<subfield code="b">.J38 1983</subfield>
</datafield>
<datafield tag="245" ind1="0" ind2="3">
<subfield code="6">880-01</subfield>
<subfield code="a">al-Jawāmiʻ al-fiqhīyah /</subfield>
<subfield code="c">li-jamāʻah min al-arkān wa-ʻiddah min al-aʻyān. Maʻa Kitāb al-muqniʻah / lil-Shaykh Muḥammad ibn Muḥammad ibn al-Nuʻmān al-mulaqqab bi-al-Mufīd.</subfield>
</datafield>
<datafield tag="260" ind1=" " ind2=" ">
<subfield code="6">880-02</subfield>
<subfield code="a">Qum, Īrān :</subfield>
<subfield code="b">Maktabat Āyat Allāh al-ʻUẓmá al-Marʻashī al-Najafī,</subfield>
<subfield code="c">1404 [1983 or 1984]</subfield>
</datafield>
<datafield tag="300" ind1=" " ind2=" ">
<subfield code="a">795, 137 p. ;</subfield>
<subfield code="c">35 cm.</subfield>
</datafield>
<datafield tag="500" ind1=" " ind2=" ">
<subfield code="a">Title page partially vocalized.</subfield>
</datafield>
<datafield tag="500" ind1=" " ind2=" ">
<subfield code="a">Glosses in the margins.</subfield>
</datafield>
<datafield tag="534" ind1=" " ind2=" ">
<subfield code="p">Reprint.</subfield>
</datafield>
<datafield tag="650" ind1=" " ind2="0">
<subfield code="a">Islamic law</subfield>
<subfield code="x">Interpretation and construction.</subfield>
</datafield>
<datafield tag="740" ind1="0" ind2=" ">
<subfield code="a">Kitab al-muqniʻah.</subfield>
</datafield>
<datafield tag="740" ind1="0" ind2=" ">
<subfield code="a">Muqniʻah.</subfield>
</datafield>
<datafield tag="700" ind1="1" ind2=" ">
<subfield code="a">Mufīd, Muḥammad ibn Muḥammad,</subfield>
<subfield code="d">d. 1022</subfield>
<subfield code="6">880-03</subfield>
<subfield code="t">Muqniʻah.</subfield>
<subfield code="f">1983.</subfield>
</datafield>
<datafield tag="880" ind1="1" ind2="2">
<subfield code="6">245-01/</subfield>
<subfield code="a">الجوامع الفقهية /</subfield>
<subfield code="c">لجماعة من الأركان وعدة من الأعيان. مع كتاب المنعة / للشيخ محمد بن محمد بن النعمان الملقب بالمفيد.</subfield>
</datafield>
<datafield tag="880" ind1=" " ind2=" ">
<subfield code="6">260-02/</subfield>
<subfield code="a">قم، ايران :</subfield>
<subfield code="b">مكتة آية الله العظمى المرعشى النجفى،</subfield>
<subfield code="c">١٤٠٤ [1983 or 1984]</subfield>
</datafield>
<datafield tag="880" ind1="0" ind2=" ">
<subfield code="6">700-03/</subfield>
<subfield code="a">محمد بن محمد المفيد.</subfield>
</datafield>
<datafield tag="OWN" ind1=" " ind2=" ">
<subfield code="a">GENERAL</subfield>
</datafield>
<datafield tag="998" ind1=" " ind2=" ">
<subfield code="a">19930721</subfield>
<subfield code="d">19930225</subfield>
<subfield code="d">19990518</subfield>
<subfield code="n">NNU</subfield>
<subfield code="s">1</subfield>
<subfield code="t">c</subfield>
<subfield code="z">p</subfield>
</datafield>
<datafield tag="AVA" ind1=" " ind2=" ">
<subfield code="a">NYU50</subfield>
<subfield code="b">BOBST</subfield>
<subfield code="c">Main Collection</subfield>
<subfield code="d">BP193.25 .J38 1983 Oversize</subfield>
<subfield code="e">unavailable</subfield>
<subfield code="t">Unavailable</subfield>
<subfield code="f">1</subfield>
<subfield code="g">1</subfield>
<subfield code="h">N</subfield>
<subfield code="i">0</subfield>
<subfield code="j">MAIN</subfield>
<subfield code="k">0</subfield>
</datafield>
</record>
